<record><leader>00000cas a2200000 a 4500</leader><controlfield tag="001">13578913</controlfield><controlfield tag="007">hd afb---bucu</controlfield><controlfield tag="008">860516d18641872iludr nea     0   a0eng c</controlfield><datafield ind1=" " ind2=" " tag="010"><subfield code="a">  2007252034</subfield></datafield><datafield ind1=" " ind2=" " tag="040"><subfield code="a">INT</subfield><subfield code="b">eng</subfield><subfield code="c">INT</subfield><subfield code="d">MHN</subfield><subfield code="d">OCL</subfield><subfield code="d">WAU</subfield><subfield code="d">UKMGB</subfield><subfield code="d">OCLCQ</subfield><subfield code="d">OCLCF</subfield><subfield code="d">OCLCQ</subfield></datafield><datafield ind1="7" ind2=" " tag="016"><subfield code="a">013917684</subfield><subfield code="2">Uk</subfield></datafield><datafield ind1=" " ind2=" " tag="042"><subfield code="a">pcc</subfield></datafield><datafield ind1=" " ind2=" " tag="043"><subfield code="a">n-us-il</subfield></datafield><datafield ind1=" " ind2="4" tag="050"><subfield code="a">AN19.C4</subfield><subfield code="b">C46</subfield></datafield><datafield ind1="0" ind2=" " tag="130"><subfield code="a">Chicago tribune (Chicago, Ill. : 1864)</subfield></datafield><datafield ind1="1" ind2="0" tag="245"><subfield code="a">Chicago tribune.</subfield></datafield><datafield ind1="1" ind2=" " tag="246"><subfield code="i">Published Feb. 19, 1866 as:</subfield><subfield code="a">Chicago daily tribune</subfield></datafield><datafield ind1=" " ind2=" " tag="260"><subfield code="a">Chicago, Ill. :</subfield><subfield code="b">Tribune Co.,</subfield><subfield code="c">1864-1872.</subfield></datafield><datafield ind1=" " ind2=" " tag="300"><subfield code="a">9 volumes :</subfield><subfield code="b">illustrations (chiefly advertisments) ;</subfield><subfield code="c">75 cm</subfield></datafield><datafield ind1=" " ind2=" " tag="310"><subfield code="a">Daily</subfield></datafield><datafield ind1=" " ind2=" " tag="336"><subfield code="a">text</subfield><subfield code="b">txt</subfield><subfield code="2">rdacontent</subfield></datafield><datafield ind1=" " ind2=" " tag="337"><subfield code="a">microform</subfield><subfield code="b">h</subfield><subfield code="2">rdamedia</subfield></datafield><datafield ind1=" " ind2=" " tag="338"><subfield code="a">microfilm reel</subfield><subfield code="b">hd</subfield><subfield code="2">rdacarrier</subfield></datafield><datafield ind1="0" ind2=" " tag="362"><subfield code="a">Vol. 18, no. 47 (Aug. 21, 1864)-v. 26, no. 51 (Oct. 8, 1872).</subfield></datafield><datafield ind1=" " ind2=" " tag="500"><subfield code="a">Issue for Sunday, Aug. 21, 1864 (Vol. 18, no. 47)--has history of the paper.</subfield></datafield><datafield ind1=" " ind2=" " tag="580"><subfield code="a">Weekly ed.: Chicago tribune (Chicago, Ill. : Weekly), 1864-&lt;1870&gt;</subfield></datafield><datafield ind1=" " ind2=" " tag="533"><subfield code="a">Microfilm.</subfield><subfield code="b">[Wooster, Ohio] :</subfield><subfield code="c">Micro Photo Division, Bell &amp; Howell,</subfield><subfield code="d">1968.</subfield><subfield code="e">19 microfilm reels ; 35 mm.</subfield><subfield code="n">Filmed with other titles.</subfield></datafield><datafield ind1=" " ind2="0" tag="651"><subfield code="a">Chicago (Ill.)</subfield><subfield code="v">Newspapers.</subfield></datafield><datafield ind1=" " ind2="0" tag="651"><subfield code="a">Cook County (Ill.)</subfield><subfield code="v">Newspapers.</subfield></datafield><datafield ind1=" " ind2="7" tag="651"><subfield code="a">Illinois</subfield><subfield code="z">Chicago.</subfield><subfield code="2">fast</subfield><subfield code="0">(OCoLC)fst01204048</subfield></datafield><datafield ind1=" " ind2="7" tag="651"><subfield code="a">Illinois</subfield><subfield code="z">Cook County.</subfield><subfield code="2">fast</subfield><subfield code="0">(OCoLC)fst01205334</subfield></datafield><datafield ind1=" " ind2="7" tag="655"><subfield code="a">Newspapers.</subfield><subfield code="2">fast</subfield><subfield code="0">(OCoLC)fst01423814</subfield></datafield><datafield ind1=" " ind2=" " tag="752"><subfield code="a">United States</subfield><subfield code="b">Illinois</subfield><subfield code="c">Cook</subfield><subfield code="d">Chicago.</subfield></datafield><datafield ind1="1" ind2=" " tag="775"><subfield code="a">Chicago tribune (Chicago, Ill. : Weekly)</subfield></datafield><datafield ind1="0" ind2=" " tag="775"><subfield code="a">Chicago tribune (Chicago, Ill. : Triweekly)</subfield></datafield><datafield ind1="1" ind2=" " tag="776"><subfield code="c">Original</subfield><subfield code="w">(DLC)sn 82014064</subfield><subfield code="w">(OCoLC)8807362</subfield></datafield><datafield ind1="0" ind2="0" tag="780"><subfield code="t">Chicago daily tribune (Chicago, Ill. : 1860)</subfield><subfield code="w">(DLC)  2007252033</subfield><subfield code="w">(OCoLC)10782456</subfield></datafield><datafield ind1="0" ind2="0" tag="785"><subfield code="t">Chicago daily tribune (Chicago, Ill. : 1872)</subfield><subfield code="w">(OCoLC)13578975</subfield></datafield><datafield ind1="1" ind2=" " tag="029"><subfield code="a">AU@</subfield><subfield code="b">000041285115</subfield></datafield></record>